@misc{noaa2023,
  author    = {{National Oceanic and Atmospheric Administration (NOAA)}},
  title     = {RMS Titanic â€“ History and Significance},
  year      = {2023},
  url       = {https://www.noaa.gov/office-of-general-counsel/gc-international-section/rms-titanic-history-and-significance},
  note      = {Accessed: 6 May 2025}
}

@misc{prepineer2025,
  author    = {Prepineer},
  title     = {Understanding the Binomial Distribution},
  year      = {2025},
  url       = {https://prepineer.com/s/binomial-distribution/},
  note      = {Accessed: 6 May 2025}
}

@misc{evidently2025,
  author    = {Evidently AI},
  title     = {Model Monitoring in Production},
  year      = {2025},
  url       = {https://www.evidentlyai.com/ml-in-production/model-monitoring},
  note      = {Accessed: 6 May 2025}
}

@misc{statology2025,
  author    = {Statology},
  title     = {How to Measure Correlation Between Categorical Variables},
  year      = {2025},
  url       = {https://www.statology.org/correlation-between-categorical-variables/},
  note      = {Accessed: 6 May 2025}
}

@misc{verywellhealth2024,
  author    = {verywellhealth},
  title     = {How Has Average Life Expectancy Changed From the 1800s to Today?},
  year      = {2024},
  url       = {https://www.verywellhealth.com/longevity-throughout-history-2224054},
  note      = {Accessed: 8 May 2025}
}